<?xml version="1.0" encoding="UTF-8"?><collection xmlns="http://www.loc.gov/MARC21/slim"><record><leader>00424nam--2200121-i-4500</leader><controlfield tag="001">000005374</controlfield><controlfield tag="002">20161230</controlfield><controlfield tag="005">20161230201026</controlfield><controlfield tag="008">060222s1000------------r-----000-0-eng-d</controlfield><datafield ind1=" " ind2=" " tag="100"><subfield code="a">Baehr, Hugo</subfield></datafield><datafield ind1=" " ind2=" " tag="245"><subfield code="a">Regeln und steuern durch magnetische verstarke r. kurze elementare darstellung der arbeitswei se und anwendung magnetischer verstarker</subfield></datafield><datafield ind1=" " ind2=" " tag="260"><subfield code="a">Braunschweig, Friedr. Vieweg $ SOHN, 1960. 157P., 161 FIG</subfield></datafield><datafield ind1=" " ind2=" " tag="852"><subfield code="a">14395</subfield></datafield></record></collection>